<?xml version="1.0" encoding="UTF-8"?><collection xmlns="http://www.loc.gov/MARC21/slim"><record><leader>00544nam--2200181-i-4500</leader><controlfield tag="001">000008738</controlfield><controlfield tag="002">20161230</controlfield><controlfield tag="005">20161230201027</controlfield><controlfield tag="008">060222s1000------------r-----000-0-eng-d</controlfield><datafield ind1=" " ind2=" " tag="040"><subfield code="a">IFIN-HH</subfield></datafield><datafield ind1=" " ind2=" " tag="080"><subfield code="a">539.171</subfield></datafield><datafield ind1="1" ind2=" " tag="100"><subfield code="a">Bassetto, A</subfield></datafield><datafield ind1="1" ind2="0" tag="245"><subfield code="a">Asymptotic unitarity conditions and high energy behaviour of scattering amplitudes</subfield><subfield code="c">A. bassetto, f. paccanoni</subfield></datafield><datafield ind1=" " ind2=" " tag="260"><subfield code="a">Padova</subfield><subfield code="b">Instituto Di Fisica Dell Universita</subfield><subfield code="c">1968</subfield></datafield><datafield ind1=" " ind2=" " tag="300"><subfield code="a">14 P. + 2 FIG</subfield></datafield><datafield ind1="1" ind2=" " tag="700"><subfield code="a">Paccanoni, F</subfield></datafield><datafield ind1=" " ind2=" " tag="852"><subfield code="a">30011</subfield><subfield code="c">539.17</subfield></datafield><datafield ind1=" " ind2=" " tag="CAT"><subfield code="a">Sys</subfield><subfield code="c">20120606</subfield><subfield code="h">142738</subfield></datafield></record></collection>